@book{Sutton1998:RL-Introduction,
	address = {Cambridge, Massachusetts, London, England},
	author = {Sutton, Richard S. and Barto, Andrew G.},
	edition = {2},
	publisher = {{MIT} Press},
	series = {Adaptive computation and machine learning},
	title = {{Reinforcement learning: an introduction}},
	year = {1998}
}

@inproceedings{Sutton1990:Dyna,
	author = {Sutton, Richard S.},
	booktitle = {Machine Learning, Proceedings of the Seventh International Conference on Machine Learning, Austin, Texas, USA, June 21-23, 1990},
	pages = {216--224},
	publisher = {Morgan Kaufmann},
	title = {Integrated Architectures for Learning, Planning, and Reacting Based on Approximating Dynamic Programming},
	year = {1990}
}

@article{Leonetti2016:AutoPlan-RL,
	author = {Leonetti, Matteo and Iocchi, Luca and Stone, Peter},
	journal = {Artificial Intelligence},
	pages = {103--130},
	publisher = {Elsevier B.V.},
	title = {{A synthesis of automated planning and reinforcement learning for efficient, robust decision-making}},
	volume = {241},
	year = {2016}
}
